<record><leader>00000cas a22000007a 4500</leader><controlfield tag="001">35823777</controlfield><controlfield tag="008">961031d19081949okuwr n       0    0eng d</controlfield><datafield ind1=" " ind2=" " tag="010"><subfield code="a">sn 96093123 </subfield></datafield><datafield ind1=" " ind2=" " tag="040"><subfield code="a">OBN</subfield><subfield code="b">eng</subfield><subfield code="c">OBN</subfield><subfield code="d">OCLCQ</subfield><subfield code="d">OCLCF</subfield><subfield code="d">OCLCO</subfield></datafield><datafield ind1="1" ind2=" " tag="029"><subfield code="a">AU@</subfield><subfield code="b">000012911363</subfield></datafield><datafield ind1=" " ind2=" " tag="042"><subfield code="a">msc</subfield></datafield><datafield ind1=" " ind2=" " tag="043"><subfield code="a">n-us-ok</subfield></datafield><datafield ind1="0" ind2="0" tag="245"><subfield code="a">Grandfield enterprise.</subfield></datafield><datafield ind1="3" ind2=" " tag="246"><subfield code="a">Grandfield (Oklahoma) enterprise</subfield></datafield><datafield ind1=" " ind2=" " tag="260"><subfield code="a">Grandfield, Tillman County, Okla. :</subfield><subfield code="b">Smith &amp; Lindblad</subfield></datafield><datafield ind1=" " ind2=" " tag="300"><subfield code="a">v.</subfield></datafield><datafield ind1=" " ind2=" " tag="310"><subfield code="a">Weekly</subfield></datafield><datafield ind1="0" ind2=" " tag="362"><subfield code="a">-v. 41, no. 37 (Feb. 17, 1949).</subfield></datafield><datafield ind1="1" ind2=" " tag="362"><subfield code="a">Began in 1908.</subfield></datafield><datafield ind1=" " ind2=" " tag="588"><subfield code="a">Description based on: Vol. 2, no. 5 (Nov. 13, 1908).</subfield></datafield><datafield ind1=" " ind2="0" tag="651"><subfield code="a">Grandfield (Okla.)</subfield><subfield code="v">Newspapers.</subfield></datafield><datafield ind1=" " ind2="0" tag="651"><subfield code="a">Tillman County (Okla.)</subfield><subfield code="v">Newspapers.</subfield></datafield><datafield ind1=" " ind2="7" tag="655"><subfield code="a">Newspapers.</subfield><subfield code="2">fast</subfield><subfield code="0">(OCoLC)fst01423814</subfield></datafield><datafield ind1=" " ind2="7" tag="651"><subfield code="a">Oklahoma</subfield><subfield code="z">Grandfield.</subfield><subfield code="2">fast</subfield><subfield code="0">(OCoLC)fst01227069</subfield></datafield><datafield ind1=" " ind2="7" tag="651"><subfield code="a">Oklahoma</subfield><subfield code="z">Tillman County.</subfield><subfield code="2">fast</subfield><subfield code="0">(OCoLC)fst01223287</subfield></datafield><datafield ind1=" " ind2=" " tag="752"><subfield code="a">United States</subfield><subfield code="b">Oklahoma</subfield><subfield code="c">Tillman</subfield><subfield code="d">Grandfield.</subfield></datafield><datafield ind1="0" ind2="0" tag="780"><subfield code="t">Kell enterprise</subfield></datafield><datafield ind1="0" ind2="0" tag="785"><subfield code="b">Big pasture news</subfield><subfield code="w">(DLC)sn 96093124</subfield><subfield code="w">(OCoLC)35823833</subfield></datafield></record>